@book{Dorf,
    author    = "Richard C. Dorf and Robert H. Bishop",
    title     = "Modern Control Systems",
    publisher = "Prentice Hall",
    %volume   = "",
    %number   = "",
    %series   = "",
    %address  = "",
    edition  = "12",
    year      = "2011",
    %month    = "",
    %note     = "",
}

@book{Astrom,
    author    = "Karl Johan Astr√∂m and Richard M. Murray",
    title     = "Feedback Systems: An Introduction for Scientists and Engineers",
    publisher = "Princeston	Univeristy Press",
    %volume   = "",
    %number   = "",
    %series   = "",
    %address  = "",
    %edition  = "",
    year      = "2010",
    %month    = "",
    %note     = "",
}

@misc{AS5145,
  author = {AMS},
  title = {{AS5145H Rotary Sensor}},
  howpublished = "\url{http://ams.com/eng/Products/Position-Sensors/Magnetic-Rotary-Position-Sensors/AS5145H}",
  %year = {2008}, 
  %note = "[Online; accessed 19-July-2008]"
}


@misc{Driver,
  author = {ST},
  title = {{VNH5180A-E:Automotive fully integrated H-bridge motor driver}},
  howpublished = "\url{http://www.st.com/web/en/resource/technical/document/datasheet/CD00264619.pdf}",
  %year = {2008}, 
  %note = "[Online; accessed 19-July-2008]"
}

@misc{Arduino,
  author = {Atmel},
  title = {{	Atmel microcontroller}},
  howpublished = "\url{http://www.atmel.com/Images/doc8161.pdf}",
  year = {2009}, 
  %note = "[Online; accessed 19-July-2008]"
}

@misc{PyQt,
  author = {Wiki Python},
  title = {{	PyQt}},
  howpublished = "\url{https://wiki.python.org/moin/PyQt}",
  %year = {2009}, 
  %note = "[Online; accessed 19-July-2008]"
}

@misc{Qt,
  author = {Qt},
  title = {{	Qt}},
  howpublished = "\url{http://www.qt.io/developers/}",
  %year = {2009}, 
  %note = "[Online; accessed 19-July-2008]"
}

@misc{PySerial,
  author = {sourceforge},
  title = {{	PySerial}},
  howpublished = "\url{http://pyserial.sourceforge.net/}",
  %year = {2009}, 
  %note = "[Online; accessed 19-July-2008]"
}



@misc{NoThreading,
  author = {docs.python},
  title = {{	Threading vs Multiprocessing}},
  howpublished = "\url{https://docs.python.org/2/library/threading.html}",
  %year = {2009}, 
  %note = "[Online; accessed 19-July-2008]"
}

@misc{Multi,
  author = {docs.python},
  title = {{	Multiprocessing}},
  howpublished = "\url{https://docs.python.org/2/library/multiprocessing.html}",
  %year = {2009}, 
  %note = "[Online; accessed 19-July-2008]"
}

@article{Modeling,
    author    = "J. Y. S. LUH",
    title     = "Conventional Controller Design for Industrial Robots - A tutorial",
    journal   = "IEEE Transactions on Systems, San, and Cybernetics",
    pages    = "298-316",
    year      = "1983",
}